@article{10.1145/78607.78614,
author = {Karp, Alan H. and Flatt, Horace P.},
title = {Measuring Parallel Processor Performance},
year = {1990},
issue_date = {May 1990},
publisher = {Association for Computing Machinery},
address = {New York, NY, USA},
volume = {33},
number = {5},
issn = {0001-0782},
url = {https://doi.org/10.1145/78607.78614},
doi = {10.1145/78607.78614},
abstract = {Many metrics are used for measuring the performance of a parallel algorithm running on a parallel processor. This article introduces a new metric that has some advantages over the others. Its use is illustrated with data from the Linpack benchmark report and the winners of the Gordon Bell Award.},
journal = {Commun. ACM},
month = {{M}ay},
pages = {539â€“543},
numpages = {5},
keywords = {parallel performance}
}

@Article{         harris2020array,
 title         = {Array programming with {NumPy}},
 author        = {Charles R. Harris and K. Jarrod Millman and St{\'{e}}fan J.
                 van der Walt and Ralf Gommers and Pauli Virtanen and David
                 Cournapeau and Eric Wieser and Julian Taylor and Sebastian
                 Berg and Nathaniel J. Smith and Robert Kern and Matti Picus
                 and Stephan Hoyer and Marten H. van Kerkwijk and Matthew
                 Brett and Allan Haldane and Jaime Fern{\'{a}}ndez del
                 R{\'{i}}o and Mark Wiebe and Pearu Peterson and Pierre
                 G{\'{e}}rard-Marchant and Kevin Sheppard and Tyler Reddy and
                 Warren Weckesser and Hameer Abbasi and Christoph Gohlke and
                 Travis E. Oliphant},
 year          = {2020},
 month         = sep,
 journal       = {Nature},
 volume        = {585},
 number        = {7825},
 pages         = {357--362},
 doi           = {10.1038/s41586-020-2649-2},
 publisher     = {Springer Science and Business Media {LLC}},
 url           = {https://doi.org/10.1038/s41586-020-2649-2}
}